@article{Resilience,
author = {Pagani, Alessio and Mosquera Doñate, Guillem and Alturki, Aseel and Johnson, Samuel and Jarvis, Stephen and Wilson, Alan and Guo, Weisi and Varga, Liz},
year = {2019},
month = {01},
pages = {},
title = {Resilience or Robustness: Identifying Topological Vulnerabilities in Rail Networks},
volume = {6},
journal = {Royal Society Open Science},
doi = {10.1098/rsos.181301}
}

@article{ComplexTopology,
author = {Lin, Jingyi and Ban, Yifang},
year = {2013},
month = {10},
pages = {},
title = {Complex Network Topology of Transportation Systems},
volume = {33},
journal = {Transport Reviews},
doi = {10.1080/01441647.2013.848955}
}

@article{GraphSwiss,
author = {Erath, Alexander and Löchl, Michael and Axhausen, Kay},
year = {2009},
month = {09},
pages = {379-400},
title = {Graph-Theoretical Analysis of the Swiss Road and Railway Networks Over Time},
volume = {9},
journal = {Networks and Spatial Economics},
doi = {10.1007/s11067-008-9074-7}
}

@article{VulnerabilitySwiss,
author = {Erath, Alexander and Birdsall, James and Axhausen, Kay and Hajdin, Rade},
year = {2009},
month = {12},
pages = {118-126},
title = {Vulnerability Assessment Methodology for Swiss Road Network},
volume = {2137},
journal = {Transportation Research Record},
doi = {10.3141/2137-13}
}

@article{ComplexDelay,
author = {Monechi, Bernardo and Gravino, Pietro and Di Clemente, Riccardo and Servedio, Vito},
year = {2018},
month = {09},
pages = {},
title = {Complex delay dynamics on railway networks: from universal laws to realistic modelling},
volume = {7},
doi = {10.1140/epjds/s13688-018-0160-x}
}

@misc{RailwayPerformanceIndex, title={The 2017 European Railway Performance Index}, url={https://www.bcg.com/en-ch/publications/2017/transportation-travel-tourism-2017-european-railway-performance-index.aspx}, journal={https://www.bcg.com}, year={2017}, month={Apr}}

@article{Freeman,
author = {Freeman, Linton},
year = {1977},
month = {03},
pages = {35-41},
title = {A Set of Measures of Centrality Based on Betweenness},
volume = {40},
journal = {Sociometry},
doi = {10.2307/3033543}
}

@article{Freeman2,
author = {Freeman, Linton},
year = {1979},
month = {01},
pages = {215-239},
title = {Centrality in Social Networks' Conceptual Clarification},
volume = {1},
journal = {Social Networks},
doi = {10.1016/0378-8733(78)90021-7}
}